% -----------------------------------------------------------------------
% File: smc2016template.bib
% -----------------------------------------------------------------------
% separate each line item with space, otherwise the reference will not be hyperlinked
% put the keyword "and" between authors to separate them.

@inproceedings{Someone:00 ,
  author = {A. Someone and B. Someone and C. Someone},
  title = {The title of the conf. paper},
  booktitle = {Proc. Int. Conf. Sound and Music Computing},
  pages={213--218},
  address={Porto},
  year = {2009}
}


@inproceedings{Someone:09 ,
  author = {A. Someone and B. Someone and C. Someone},
  title = {The title of the journal paper},
  booktitle = {J. New Music Research},
  pages = {111--222},
  year = {2008}
}

@book{Someone:04 ,
  author = {X. Someone and Y. Someone},
  title = {The Title of the Book},
  publisher = { Springer-Verlag },
  year = {2010}
}

#------------------------------------- ARTICLES
@article{ab58,
  author={Blumlein, Alan Dower},
  year={1958},
  title={British Patent Specification 394,325},
  journal={JAES, vol. 6, no. 2, p.91}
}

@article{bevi05,
  author={Bernardini, Nicola and Vidolin, Alvise},
  year={2005},
  title={Sustainable Live Electro-Acoustic Music},
  journal={Sound and Music Computing}
}
